<record><leader>00000cas a2200000 a 4500</leader><controlfield tag="001">12145910</controlfield><controlfield tag="008">850612d18961897ksuwr ne      0    0eng d</controlfield><datafield ind1=" " ind2=" " tag="010"><subfield code="a">sn 85031483 </subfield></datafield><datafield ind1=" " ind2=" " tag="040"><subfield code="a">KSH</subfield><subfield code="b">eng</subfield><subfield code="c">KSH</subfield><subfield code="d">NPT</subfield><subfield code="d">OCL</subfield><subfield code="d">OCLCQ</subfield></datafield><datafield ind1=" " ind2=" " tag="042"><subfield code="a">msc</subfield></datafield><datafield ind1="0" ind2="4" tag="245"><subfield code="a">The Altamont Saturday item.</subfield></datafield><datafield ind1=" " ind2=" " tag="260"><subfield code="a">Altamont, Kan. :</subfield><subfield code="b">[Harry Mills]</subfield></datafield><datafield ind1=" " ind2=" " tag="300"><subfield code="a">v. :</subfield><subfield code="b">ill. ;</subfield><subfield code="c">30-45 cm.</subfield></datafield><datafield ind1=" " ind2=" " tag="310"><subfield code="a">Weekly</subfield></datafield><datafield ind1="1" ind2=" " tag="362"><subfield code="a">Began in 1896? Ceased with Nov. 27, 1897 issue?</subfield></datafield><datafield ind1=" " ind2=" " tag="500"><subfield code="a">Published as a periodical, Sept. 4-&lt;Oct. 9, 1897&gt;.</subfield></datafield><datafield ind1=" " ind2=" " tag="588"><subfield code="a">Description based on: Vol. 1, no. 3 (Aug. 29, 1896).</subfield></datafield><datafield ind1=" " ind2=" " tag="752"><subfield code="a">United States</subfield><subfield code="b">Kansas</subfield><subfield code="c">Labette</subfield><subfield code="d">Altamont.</subfield></datafield></record>